@inproceedings{nnorient,
  title={Deep Neural Networks Can Detect Sexual Orientation from Faces},
  author={Yilun Wang and Michal Kosinski},
  year={2017}
}

@inproceedings{leak,
  title={Deep models under the GAN: information leakage from collaborative deep learning},
  author={Hitaj, Briland and Ateniese, Giuseppe and Perez-Cruz, Fernando},
  booktitle={Proceedings of the 2017 ACM SIGSAC Conference on Computer and Communications Security},
  pages={603--618},
  year={2017},
  organization={ACM}
}

@article{reducingleak,
  title={Reducing leakage in distributed deep learning for sensitive health data},
  author={Vepakomma, Praneeth and Gupta, Otkrist and Dubey, Abhimanyu and Raskar, Ramesh}
}

@article{fml,
  title={Communication-efficient learning of deep networks from decentralized data},
  author={McMahan, H Brendan and Moore, Eider and Ramage, Daniel and Hampson, Seth and others},
  journal={arXiv preprint arXiv:1602.05629},
  year={2016}
}

@article{splitnn,
  title={Split learning for health: Distributed deep learning without sharing raw patient data},
  author={Vepakomma, Praneeth and Gupta, Otkrist and Swedish, Tristan and Raskar, Ramesh},
  journal={arXiv preprint arXiv:1812.00564},
  year={2018}
}

@article{nopeek,
  title={No Peek: A Survey of private distributed deep learning},
  author={Vepakomma, Praneeth and Swedish, Tristan and Raskar, Ramesh and Gupta, Otkrist and Dubey, Abhimanyu},
  journal={arXiv preprint arXiv:1812.03288},
  year={2018}
}

@article{ppml,
  title={Privacy Preserving Machine Learning: Threats and Solutions},
  author={Al-Rubaie, Mohammad and Chang, J Morris},
  journal={arXiv preprint arXiv:1804.11238},
  year={2018}
}